<collection xmlns="http://www.loc.gov/MARC21/slim">
<record>
  <leader>01438nam0a2200253 i 450 </leader>
  <controlfield tag="001">IT\ICCU\CNCE\000541</controlfield>
  <controlfield tag="005">20150617000000.0</controlfield>
  <datafield tag="012" ind1=" " ind2=" ">
    <subfield code="a">lata o.i- o.mo acIg (3) 1599 (A)</subfield>
    <subfield code="2">fei</subfield>
  </datafield>
  <datafield tag="100" ind1=" " ind2=" ">
    <subfield code="a">19970101d1599        0itac0103    ba</subfield>
  </datafield>
  <datafield tag="101" ind1=" " ind2=" ">
    <subfield code="a">ITA</subfield>
  </datafield>
  <datafield tag="102" ind1=" " ind2=" ">
    <subfield code="a">IT</subfield>
  </datafield>
  <datafield tag="200" ind1="1" ind2=" ">
    <subfield code="a">Discorso di Liuio Agrippa da Monferrato; sopra alla natura, &amp; complessione humana. Et alcuni preseruatiui dal mal contagioso di peste; con il modo ancora da sanar gli infettati; con due tauole, vna per saper quali sono gli anni climaterici, &amp; l&apos;altra persaper qual pianeta domina, tanto l&apos;hore della notte, quanto del giorno ...</subfield>
  </datafield>
  <datafield tag="210" ind1=" " ind2=" ">
    <subfield code="a">Stampato in Venetia</subfield>
    <subfield code="d">in Verona et ristampato in Brescia</subfield>
    <subfield code="c">per Vincenzo Sabbio</subfield>
    <subfield code="d">1599</subfield>
    <subfield code="e">In Venetia</subfield>
    <subfield code="h">in Milano</subfield>
    <subfield code="h">in Carmagnola</subfield>
    <subfield code="h">in Trino</subfield>
    <subfield code="h">in Pauia</subfield>
    <subfield code="h">di nuouo in Verona et poi in Brescia</subfield>
    <subfield code="h">1599</subfield>
  </datafield>
  <datafield tag="215" ind1=" " ind2=" ">
    <subfield code="a">16 p.</subfield>
    <subfield code="c">ill.</subfield>
    <subfield code="d">4ʻ</subfield>
  </datafield>
  <datafield tag="620" ind1=" " ind2=" ">
    <subfield code="a">IT</subfield>
    <subfield code="d">Brescia</subfield>
  </datafield>
  <datafield tag="700" ind1=" " ind2="1">
    <subfield code="a">Agrippa,</subfield>
    <subfield code="b">Livio</subfield>
    <subfield code="3">IT\ICCU\CNCA\000498</subfield>
  </datafield>
  <datafield tag="712" ind1="0" ind2="0">
    <subfield code="a">Sabbio, Vincenzo</subfield>
    <subfield code="3">IT\ICCU\CNCT\000044</subfield>
    <subfield code="4">650</subfield>
  </datafield>
  <datafield tag="790" ind1=" " ind2="1">
    <subfield code="a">Grippa,</subfield>
    <subfield code="b">Lucio</subfield>
    <subfield code="3">IT\ICCU\CNCA\017491</subfield>
    <subfield code="z">Agrippa, Livio</subfield>
  </datafield>
  <datafield tag="791" ind1="0" ind2="0">
    <subfield code="a">Sabiensis, Vincentius</subfield>
    <subfield code="3">IT\ICCU\CNCT\002587</subfield>
    <subfield code="z">Sabbio, Vincenzo</subfield>
  </datafield>
  <datafield tag="791" ind1="0" ind2="0">
    <subfield code="a">Sabius, Vincentius</subfield>
    <subfield code="3">IT\ICCU\CNCT\005508</subfield>
    <subfield code="z">Sabbio, Vincenzo</subfield>
  </datafield>
  <datafield tag="791" ind1="0" ind2="0">
    <subfield code="a">Sabbius, Vincentius</subfield>
    <subfield code="3">IT\ICCU\CNCT\005511</subfield>
    <subfield code="z">Sabbio, Vincenzo</subfield>
  </datafield>
  <datafield tag="791" ind1="0" ind2="0">
    <subfield code="a">Da Sabbio, Vincenzo</subfield>
    <subfield code="3">IT\ICCU\CNCT\005515</subfield>
    <subfield code="z">Sabbio, Vincenzo</subfield>
  </datafield>
  <datafield tag="801" ind1=" " ind2="3">
    <subfield code="a">IT</subfield>
    <subfield code="b">ICCU</subfield>
    <subfield code="c">20201113</subfield>
  </datafield>
  <datafield tag="899" ind1=" " ind2=" ">
    <subfield code="a">Biblioteca Apostolica Vaticana. Citt ̉del Vaticano</subfield>
    <subfield code="1">EX0001</subfield>
    <subfield code="2">ZCV 01</subfield>
  </datafield>
</record>
</collection>
